@article{hiding-apk,
	author = {Apvrille, Axelle and Albertini, Ange},
	title = {{Hide Android Applications in Images}},
	journal = {Blackhat Europe 2014},
	year = {Amsterdam, Netherlands, October 14-17, 2014}
}

@article{ddi,
	author = {Mulliner, Collin},
	title = {{Dynamic Dalvik Instrumentation Framework for Android}},
	journal = {30th Chaos Communication Congress},
	year = {Hamburg, Germany, December 27-30, 2013}
}

@article{android-layers,
	author = {Ludwig, Adrian},
	title = {{Android - Practical Security From the Ground Up}},
	journal = {VirusBulletin 2013},
	year = {Berlin, Germany, 2013}
}

@misc{droid-coupon,
	howpublished = {{http://www.csc.ncsu.edu/faculty/jiang/DroidCoupon/}},
	title = {DroidCoupon}
}

@misc{TODO,
	title = {{TODO}}
}
